[
  {
    "timestamp": "2026-02-12T21:57:10.008Z",
    "local_time": "00:57:10",
    "category": "autobidbot_stage",
    "data": {
      "message": "[00:57:10] Down = 0.990 (Stage 1: <170s)"
    }
  },
  {
    "timestamp": "2026-02-12T21:57:16.002Z",
    "local_time": "00:57:16",
    "category": "autobidbot_stage",
    "data": {
      "message": "[00:57:16] START BIDDING: \"Down\" for 0.99 at 163s"
    }
  },
  {
    "timestamp": "2026-02-12T21:57:20.546Z",
    "local_time": "00:57:20",
    "category": "user_polymarket_websocket_trade",
    "data": {
      "type": "TRADE",
      "id": "155a05ca-4722-416a-af1f-9c8703bc576d",
      "taker_order_id": "0x5f673c0d61908b5705004ffedce99669356d3b56c7c649983323337e863dbe75",
      "market": "0x804b0d3a5dd50e4c9fb60edea8f120cf693cbd8432021fe6593c9089d7b548bc",
      "asset_id": "62117721416542226066995023980815483444193103839078707143401449287747688987190",
      "side": "BUY",
      "size": "9",
      "fee_rate_bps": "1000",
      "price": "0.99",
      "status": "MATCHED",
      "match_time": "1770933440",
      "last_update": "1770933441",
      "outcome": "Down",
      "owner": "974024e9-b35e-a1ca-6eb7-3f9da0e8a0f9",
      "trade_owner": "974024e9-b35e-a1ca-6eb7-3f9da0e8a0f9",
      "maker_address": "0xFe61Da21eBdf55a8916d0e34205F0cf4989505cd",
      "transaction_hash": "0x2f89b8139a5883bdb194e29c3998ad6b918c95cd82d003165a2d7c66fe4e9ccb",
      "bucket_index": 0,
      "maker_orders": [
        {
          "order_id": "0xf4bf765b1954c06750e6f9c15611087812b54d185b08f5a4f12eaa87f0def989",
          "owner": "401838a7-dac9-f53b-bff6-78bc2770c11e",
          "maker_address": "0xdc3BFa3C9174578FB9e2Ac2176307Da100d55799",
          "matched_amount": "5",
          "price": "0.01",
          "fee_rate_bps": "1000",
          "asset_id": "97853620889437665285547851529703897700957276642100132476321733454501424318478",
          "outcome": "Up",
          "outcome_index": 0,
          "side": "BUY"
        },
        {
          "order_id": "0x4ae84d9a89e9c2746c9dca76629730f21ec7e0c276775e858279dce6ba331b4e",
          "owner": "79ec6fe9-1ad5-935a-bcc2-01f54cf7d5c2",
          "maker_address": "0x46B353667FD7d846AF3BbEdA6584B0E5B883d3De",
          "matched_amount": "4",
          "price": "0.01",
          "fee_rate_bps": "1000",
          "asset_id": "97853620889437665285547851529703897700957276642100132476321733454501424318478",
          "outcome": "Up",
          "outcome_index": 0,
          "side": "BUY"
        }
      ],
      "trader_side": "TAKER",
      "timestamp": "1770933441452",
      "event_type": "trade"
    }
  },
  {
    "timestamp": "2026-02-12T21:57:20.972Z",
    "local_time": "00:57:20",
    "category": "autobidbot_buy",
    "data": {
      "message": "[00:57:20] Ответ от placeTestOrder",
      "status": "matched",
      "success": true,
      "orderId": "0x5f673c0d61908b5705004ffedce99669356d3b56c7c649983323337e863dbe75",
      "price": 0.99,
      "size": 9,
      "takingAmount": "9",
      "makingAmount": "8.91",
      "errorMsg": "",
      "txHash": "0x2f89b8139a5883bdb194e29c3998ad6b918c95cd82d003165a2d7c66fe4e9ccb"
    }
  },
  {
    "timestamp": "2026-02-12T21:57:25.342Z",
    "local_time": "00:57:25",
    "category": "user_polymarket_websocket_trade",
    "data": {
      "type": "TRADE",
      "id": "155a05ca-4722-416a-af1f-9c8703bc576d",
      "taker_order_id": "0x5f673c0d61908b5705004ffedce99669356d3b56c7c649983323337e863dbe75",
      "market": "0x804b0d3a5dd50e4c9fb60edea8f120cf693cbd8432021fe6593c9089d7b548bc",
      "asset_id": "62117721416542226066995023980815483444193103839078707143401449287747688987190",
      "side": "BUY",
      "size": "9",
      "fee_rate_bps": "1000",
      "price": "0.99",
      "status": "MINED",
      "match_time": "1770933440",
      "last_update": "1770933446",
      "outcome": "Down",
      "owner": "974024e9-b35e-a1ca-6eb7-3f9da0e8a0f9",
      "trade_owner": "974024e9-b35e-a1ca-6eb7-3f9da0e8a0f9",
      "maker_address": "0xFe61Da21eBdf55a8916d0e34205F0cf4989505cd",
      "transaction_hash": "0x2f89b8139a5883bdb194e29c3998ad6b918c95cd82d003165a2d7c66fe4e9ccb",
      "bucket_index": 0,
      "maker_orders": [
        {
          "order_id": "0xf4bf765b1954c06750e6f9c15611087812b54d185b08f5a4f12eaa87f0def989",
          "owner": "401838a7-dac9-f53b-bff6-78bc2770c11e",
          "maker_address": "0xdc3BFa3C9174578FB9e2Ac2176307Da100d55799",
          "matched_amount": "5",
          "price": "0.01",
          "fee_rate_bps": "1000",
          "asset_id": "97853620889437665285547851529703897700957276642100132476321733454501424318478",
          "outcome": "Up",
          "outcome_index": 0,
          "side": "BUY"
        },
        {
          "order_id": "0x4ae84d9a89e9c2746c9dca76629730f21ec7e0c276775e858279dce6ba331b4e",
          "owner": "79ec6fe9-1ad5-935a-bcc2-01f54cf7d5c2",
          "maker_address": "0x46B353667FD7d846AF3BbEdA6584B0E5B883d3De",
          "matched_amount": "4",
          "price": "0.01",
          "fee_rate_bps": "1000",
          "asset_id": "97853620889437665285547851529703897700957276642100132476321733454501424318478",
          "outcome": "Up",
          "outcome_index": 0,
          "side": "BUY"
        }
      ],
      "trader_side": "TAKER",
      "timestamp": "1770933446254",
      "event_type": "trade"
    }
  },
  {
    "timestamp": "2026-02-12T21:57:26.467Z",
    "local_time": "00:57:26",
    "category": "user_polymarket_websocket_sell",
    "data": {
      "message": "Все 12 попыток исчерпаны. Делаем финальную попытку..."
    }
  },
  {
    "timestamp": "2026-02-12T21:57:39.745Z",
    "local_time": "00:57:39",
    "category": "user_polymarket_websocket_trade",
    "data": {
      "type": "TRADE",
      "id": "155a05ca-4722-416a-af1f-9c8703bc576d",
      "taker_order_id": "0x5f673c0d61908b5705004ffedce99669356d3b56c7c649983323337e863dbe75",
      "market": "0x804b0d3a5dd50e4c9fb60edea8f120cf693cbd8432021fe6593c9089d7b548bc",
      "asset_id": "62117721416542226066995023980815483444193103839078707143401449287747688987190",
      "side": "BUY",
      "size": "9",
      "fee_rate_bps": "1000",
      "price": "0.99",
      "status": "CONFIRMED",
      "match_time": "1770933440",
      "last_update": "1770933460",
      "outcome": "Down",
      "owner": "974024e9-b35e-a1ca-6eb7-3f9da0e8a0f9",
      "trade_owner": "974024e9-b35e-a1ca-6eb7-3f9da0e8a0f9",
      "maker_address": "0xFe61Da21eBdf55a8916d0e34205F0cf4989505cd",
      "transaction_hash": "0x2f89b8139a5883bdb194e29c3998ad6b918c95cd82d003165a2d7c66fe4e9ccb",
      "bucket_index": 0,
      "maker_orders": [
        {
          "order_id": "0xf4bf765b1954c06750e6f9c15611087812b54d185b08f5a4f12eaa87f0def989",
          "owner": "401838a7-dac9-f53b-bff6-78bc2770c11e",
          "maker_address": "0xdc3BFa3C9174578FB9e2Ac2176307Da100d55799",
          "matched_amount": "5",
          "price": "0.01",
          "fee_rate_bps": "1000",
          "asset_id": "97853620889437665285547851529703897700957276642100132476321733454501424318478",
          "outcome": "Up",
          "outcome_index": 0,
          "side": "BUY"
        },
        {
          "order_id": "0x4ae84d9a89e9c2746c9dca76629730f21ec7e0c276775e858279dce6ba331b4e",
          "owner": "79ec6fe9-1ad5-935a-bcc2-01f54cf7d5c2",
          "maker_address": "0x46B353667FD7d846AF3BbEdA6584B0E5B883d3De",
          "matched_amount": "4",
          "price": "0.01",
          "fee_rate_bps": "1000",
          "asset_id": "97853620889437665285547851529703897700957276642100132476321733454501424318478",
          "outcome": "Up",
          "outcome_index": 0,
          "side": "BUY"
        }
      ],
      "trader_side": "TAKER",
      "timestamp": "1770933460658",
      "event_type": "trade"
    }
  },
  {
    "timestamp": "2026-02-12T21:58:00.175Z",
    "local_time": "00:58:00",
    "category": "autobidbot_stage",
    "data": {
      "message": "[00:58:00] Down = 0.990 (Stage 2: <120s)"
    }
  },
  {
    "timestamp": "2026-02-12T21:58:46.396Z",
    "local_time": "00:58:46",
    "category": "user_polymarket_websocket_trade",
    "data": {
      "type": "TRADE",
      "id": "155a05ca-4722-416a-af1f-9c8703bc576d",
      "taker_order_id": "0x5f673c0d61908b5705004ffedce99669356d3b56c7c649983323337e863dbe75",
      "market": "0x804b0d3a5dd50e4c9fb60edea8f120cf693cbd8432021fe6593c9089d7b548bc",
      "asset_id": "62117721416542226066995023980815483444193103839078707143401449287747688987190",
      "side": "BUY",
      "size": "9",
      "fee_rate_bps": "1000",
      "price": "0.99",
      "status": "CONFIRMED",
      "match_time": "1770933440",
      "last_update": "1770933527",
      "outcome": "Down",
      "owner": "974024e9-b35e-a1ca-6eb7-3f9da0e8a0f9",
      "trade_owner": "974024e9-b35e-a1ca-6eb7-3f9da0e8a0f9",
      "maker_address": "0xFe61Da21eBdf55a8916d0e34205F0cf4989505cd",
      "transaction_hash": "0x2f89b8139a5883bdb194e29c3998ad6b918c95cd82d003165a2d7c66fe4e9ccb",
      "bucket_index": 0,
      "maker_orders": [
        {
          "order_id": "0xf4bf765b1954c06750e6f9c15611087812b54d185b08f5a4f12eaa87f0def989",
          "owner": "401838a7-dac9-f53b-bff6-78bc2770c11e",
          "maker_address": "0xdc3BFa3C9174578FB9e2Ac2176307Da100d55799",
          "matched_amount": "5",
          "price": "0.01",
          "fee_rate_bps": "1000",
          "asset_id": "97853620889437665285547851529703897700957276642100132476321733454501424318478",
          "outcome": "Up",
          "outcome_index": 0,
          "side": "BUY"
        },
        {
          "order_id": "0x4ae84d9a89e9c2746c9dca76629730f21ec7e0c276775e858279dce6ba331b4e",
          "owner": "79ec6fe9-1ad5-935a-bcc2-01f54cf7d5c2",
          "maker_address": "0x46B353667FD7d846AF3BbEdA6584B0E5B883d3De",
          "matched_amount": "4",
          "price": "0.01",
          "fee_rate_bps": "1000",
          "asset_id": "97853620889437665285547851529703897700957276642100132476321733454501424318478",
          "outcome": "Up",
          "outcome_index": 0,
          "side": "BUY"
        }
      ],
      "trader_side": "TAKER",
      "timestamp": "1770933527311",
      "event_type": "trade"
    }
  },
  {
    "timestamp": "2026-02-12T21:58:54.952Z",
    "local_time": "00:58:54",
    "category": "polymarket_handler",
    "data": {
      "message": "Tick size changed to: \"0.001\""
    }
  },
  {
    "timestamp": "2026-02-12T21:59:10.022Z",
    "local_time": "00:59:10",
    "category": "autobidbot_stage",
    "data": {
      "message": "[00:59:10] Down = 0.999 (Stage 3: <40s)"
    }
  }
]